<?xml version="1.0" encoding="UTF-8"?><collection xmlns="http://www.loc.gov/MARC21/slim"><record><leader>00577nam--2200169-i-4500</leader><controlfield tag="001">000002176</controlfield><controlfield tag="002">20161230</controlfield><controlfield tag="005">20161230201024</controlfield><controlfield tag="008">060222s1000------------r-----000-0-eng-d</controlfield><datafield ind1=" " ind2=" " tag="040"><subfield code="a">IFIN-HH</subfield></datafield><datafield ind1=" " ind2=" " tag="080"><subfield code="a">53:9(061.3)</subfield></datafield><datafield ind1="1" ind2=" " tag="100"><subfield code="a">Frangopol, P. T</subfield></datafield><datafield ind1="1" ind2="0" tag="245"><subfield code="a">Archaeometry in romania. vol. 2. second romanian conference on the application of physics methods in archeology. cluj-napoca, february 17-18, 1989</subfield><subfield code="c">P.t. frangopol, v.v. morariu (eds.)</subfield></datafield><datafield ind1=" " ind2=" " tag="260"><subfield code="a">Bucharest</subfield><subfield code="b">Iap Press</subfield><subfield code="c">1990</subfield></datafield><datafield ind1="1" ind2=" " tag="700"><subfield code="a">Morariu, V. V</subfield><subfield code="e">Ed</subfield></datafield><datafield ind1=" " ind2=" " tag="852"><subfield code="a">79328</subfield><subfield code="c">577.3</subfield></datafield><datafield ind1=" " ind2=" " tag="CAT"><subfield code="a">Sys</subfield><subfield code="c">20160118</subfield><subfield code="h">120431</subfield></datafield></record></collection>